<record><leader>00000cas a22000007a 4500</leader><controlfield tag="001">15604505</controlfield><controlfield tag="008">870428d19181919inuwr ne      0    0eng d</controlfield><datafield ind1=" " ind2=" " tag="010"><subfield code="a">sn 87055988 </subfield></datafield><datafield ind1=" " ind2=" " tag="040"><subfield code="a">NPI</subfield><subfield code="b">eng</subfield><subfield code="c">NPI</subfield><subfield code="d">OCLCQ</subfield></datafield><datafield ind1=" " ind2=" " tag="042"><subfield code="a">msc</subfield></datafield><datafield ind1="0" ind2="0" tag="245"><subfield code="a">Allen County rural review.</subfield></datafield><datafield ind1=" " ind2=" " tag="260"><subfield code="a">New Haven, Ind. :</subfield><subfield code="b">Moon Print. Co.</subfield></datafield><datafield ind1=" " ind2=" " tag="310"><subfield code="a">Weekly</subfield></datafield><datafield ind1="1" ind2=" " tag="362"><subfield code="a">Began in Apr. 1918; ceased in 1919?</subfield></datafield><datafield ind1=" " ind2=" " tag="580"><subfield code="a">Formed by the merger of: The Woodburn news, New Haven tribune, and: Grabill review.</subfield></datafield><datafield ind1=" " ind2=" " tag="588"><subfield code="a">Description based on: Vol. 1, no. 6 (May 23, 1918).</subfield></datafield><datafield ind1=" " ind2=" " tag="752"><subfield code="a">United States</subfield><subfield code="b">Indiana</subfield><subfield code="c">Allen</subfield><subfield code="d">New Haven.</subfield></datafield><datafield ind1=" " ind2=" " tag="752"><subfield code="a">United States</subfield><subfield code="b">Indiana</subfield><subfield code="c">Allen</subfield><subfield code="d">Woodburn.</subfield></datafield><datafield ind1=" " ind2=" " tag="752"><subfield code="a">United States</subfield><subfield code="b">Indiana</subfield><subfield code="c">Allen</subfield><subfield code="d">Grabill.</subfield></datafield><datafield ind1="1" ind2="4" tag="780"><subfield code="t">Woodburn news</subfield><subfield code="w">(DLC)sn 87055989</subfield></datafield><datafield ind1="1" ind2="4" tag="780"><subfield code="t">New Haven tribune</subfield><subfield code="w">(DLC)sn 87055987</subfield></datafield><datafield ind1="1" ind2="4" tag="780"><subfield code="t">Grabill review</subfield><subfield code="w">(DLC)sn 87055999</subfield></datafield></record>